<record><leader>02470cam a2200337 i 45 0</leader><controlfield tag="001">6795594</controlfield><controlfield tag="003">OCoLC</controlfield><controlfield tag="005">20150129123401.0</controlfield><controlfield tag="008">140331s2015    nyu           000 1 eng d</controlfield><datafield ind1=" " ind2=" " tag="020"><subfield code="a">9780758275059</subfield><subfield code="q">(paperback)</subfield></datafield><datafield ind1=" " ind2=" " tag="020"><subfield code="a">0758275056</subfield><subfield code="q">(paperback)</subfield></datafield><datafield ind1=" " ind2=" " tag="020"><subfield code="z">9781617738630</subfield><subfield code="q">(electronic book)</subfield></datafield><datafield ind1=" " ind2=" " tag="035"><subfield code="a">ocn902745549</subfield></datafield><datafield ind1=" " ind2=" " tag="040"><subfield code="a">YDXCP</subfield><subfield code="b">eng</subfield><subfield code="e">rda</subfield><subfield code="c">YDXCP</subfield><subfield code="d">BTCTA</subfield><subfield code="d">BDX</subfield><subfield code="d">OCP</subfield><subfield code="d">OCLCF</subfield><subfield code="d">AEVC</subfield></datafield><datafield ind1="0" ind2="4" tag="082"><subfield code="a">813/.6</subfield><subfield code="2">23</subfield></datafield><datafield ind1=" " ind2=" " tag="090"><subfield code="a">General CHI</subfield><subfield code="b">AEVC</subfield></datafield><datafield ind1="1" ind2=" " tag="100"><subfield code="a">Chiofalo, Rosanna,</subfield><subfield code="e">author.</subfield></datafield><datafield ind1="1" ind2="0" tag="245"><subfield code="a">Stella mia /</subfield><subfield code="c">Rosanna Chiofalo.</subfield></datafield><datafield ind1=" " ind2="1" tag="264"><subfield code="a">New York, NY :</subfield><subfield code="b">Kensington Books,</subfield><subfield code="c">2015.</subfield></datafield><datafield ind1=" " ind2="4" tag="264"><subfield code="c">&#169;2015</subfield></datafield><datafield ind1=" " ind2=" " tag="300"><subfield code="a">354 pages ;</subfield><subfield code="c">22 cm.</subfield></datafield><datafield ind1=" " ind2=" " tag="336"><subfield code="a">text</subfield><subfield code="b">txt</subfield><subfield code="2">rdacontent</subfield></datafield><datafield ind1=" " ind2=" " tag="337"><subfield code="a">unmediated</subfield><subfield code="b">n</subfield><subfield code="2">rdamedia</subfield></datafield><datafield ind1=" " ind2=" " tag="338"><subfield code="a">volume</subfield><subfield code="b">nc</subfield><subfield code="2">rdacarrier</subfield></datafield><datafield ind1=" " ind2=" " tag="520"><subfield code="a">"Rosanna Chiofalo's poignant, beautifully written new novel evokes the stunning scenery of Sicily and the Aeolian Islands and tells of mothers and daughters, love and sacrifice--and the choices that resound across continents and through generations. Julia Parlatone doesn't have much to remember her Italian mother by. A grapevine that Sarina planted still flourishes in the backyard of Julia's childhood home in Astoria, Queens. And there's a song, "Stella Mia," she recalls her mother singing--my star, my star, you are the most beautiful star--until the day she left three-year-old Julia behind and returned to Italy for good. Now a happily married school teacher, Julia tries not to dwell on a past she can't change or on a mother who chose to leave. But in an old trunk in the family basement, she discovers items that belonged to her mother--a song book, Tarot cards, a Sicilian folk costume--and a diary. Sarina writes unflinchingly of her harsh childhood and of a first, passionate love affair; of blissful months spent living in the enchanting coastal resort town of Taormina and the unspoiled Aeolian Islands north of Sicily as well as the reasons she came to New York. By the diary's end, Julia knows she must track down her mother in Italy and piece together the rest of the complex, bittersweet truth--a journey that, for better or worse, will change her own life forever."--Page [2] of cover.</subfield></datafield><datafield ind1=" " ind2=" " tag="596"><subfield code="a">3</subfield></datafield><datafield ind1=" " ind2="0" tag="650"><subfield code="a">Mothers and daughters</subfield><subfield code="v">Fiction.</subfield></datafield><datafield ind1=" " ind2="0" tag="650"><subfield code="a">Diaries</subfield><subfield code="v">Fiction.</subfield></datafield><datafield ind1=" " ind2="0" tag="651"><subfield code="a">Italy</subfield><subfield code="v">Fiction.</subfield></datafield><datafield ind1=" " ind2="0" tag="651"><subfield code="a">Sicily (Italy)</subfield><subfield code="v">Fiction.</subfield></datafield><datafield ind1=" " ind2=" " tag="926"><subfield code="a">General CHI</subfield><subfield code="w">ASIS</subfield><subfield code="c">1</subfield><subfield code="i">33862001356561</subfield><subfield code="l">PAPERBACKS</subfield><subfield code="m">NORQ_MAIN</subfield><subfield code="p">$12.71</subfield><subfield code="r">Y</subfield><subfield code="s">Y</subfield><subfield code="t">PAPERBACK</subfield><subfield code="u">3/23/2015</subfield></datafield></record>